@book{silberschatz2018,
  title={Operating System Concepts},
  author={Silberschatz, Abraham and Galvin, Peter Baer and Gagne, Greg},
  edition={10th},
  year={2018},
  publisher={John Wiley \& Sons}
}

@book{love2010,
  title={Linux Kernel Development},
  author={Love, Robert},
  edition={3rd},
  year={2010},
  publisher={Addison-Wesley Professional}
}

@article{kumar2023,
  title={Add a System call to the Linux Kernel (6.0.9) in Ubuntu 22.04 using Oracle VM VirtualBox},
  author={Kumar, R.},
  journal={Medium},
  year={2023}
}

@article{damato2016,
  title={The Definitive Guide to Linux System Calls},
  author={Damato, Joe},
  journal={Packagecloud Blog},
  year={2016}
}

@book{kerrisk2010,
  title={The Linux Programming Interface: A Linux and UNIX System Programming Handbook},
  author={Kerrisk, Michael},
  year={2010},
  publisher={No Starch Press}
}

@book{bovet2005,
  title={Understanding the Linux Kernel},
  author={Bovet, Daniel P. and Cesati, Marco},
  edition={3rd},
  year={2005},
  publisher={O'Reilly Media}
}

@article{lichtman2024,
  title={Adding Simple System Call in Linux Kernel},
  author={Lichtman, N.},
  journal={Linux Journal},
  year={2024}
}

@article{jadi2025,
  title={What are Linux System Calls and how hackers follow them to understand Executables},
  author={Jadi},
  journal={Security Research Quarterly},
  year={2025}
}

@misc{torvalds2021,
  title={Linux Kernel Documentation},
  author={Torvalds, Linus and others},
  journal={The Linux Kernel Archives},
  year={2021}
}

@book{corbet2023,
  title={Linux Device Drivers},
  author={Corbet, Jonathan and Rubini, Alessandro and Kroah-Hartman, Greg},
  edition={4th},
  year={2023},
  publisher={O'Reilly Media}
}